@article{rankcholesky,
    author = "Walder,  C.",
    title = "{RankkCholesky  Up/Down-dating  on  the  GPU:  gpucholmodV0.2}",
    journal = "arXiv preprint",
    number = "1011.1173",
    year = "2010",
}