@article{apuntes,
    title = "{Apuntes de teórico - Métodos Numéricos}",
    year = "2016"
}

@article{tridiagonal,
    author = "Moler, Cleve.",
    title = "{Ordinary Differential Equation Solvers ODE23 and ODE45}",
    year = "2014",
    address = {\url{https://blogs.mathworks.com/cleve/2014/05/26/ordinary-differential-equation-solvers-ode23-and-ode45/}},
}