@article{rankcholesky,
    author = "Walder,  C.",
    title = "{RankkCholesky  Up/Down-dating  on  the  GPU:  gpucholmodV0.2}",
    journal = "arXiv preprint",
    number = "1011.1173",
    year = "2010"
}

@article{tridiagonal,
    author = "Meurant,  GÃ©rard.",
    title = "{Tridiagonal matrices}",
    year = "2008",
    address = {\url{http://www.math.hkbu.edu.hk/ICM/LecturesAndSeminars/08OctMaterials/1/Slide3.pdf}}
}
